<?xml version="1.0" encoding="UTF-8" ?><xb:digital_entity_call xmlns:xb="http://com/exlibris/digitool/repository/api/xmlbeans"><xb:digital_entity><pid>96729</pid><control><label>Kopecký,Martin-DisP</label><note>FFUK</note><ingest_id xsi:nil="true" xmlns:xsi="http://www.w3.org/2001/XMLSchema-instance"/><ingest_name xsi:nil="true" xmlns:xsi="http://www.w3.org/2001/XMLSchema-instance"/><entity_type>COMPLEX</entity_type><entity_group xsi:nil="true" xmlns:xsi="http://www.w3.org/2001/XMLSchema-instance"/><usage_type>VIEW_MAIN</usage_type><preservation_level>any</preservation_level><partition_a>zamek4psycho</partition_a><partition_b xsi:nil="true" xmlns:xsi="http://www.w3.org/2001/XMLSchema-instance"/><partition_c>ckis_ok</partition_c><status xsi:nil="true" xmlns:xsi="http://www.w3.org/2001/XMLSchema-instance"/><creation_date>2010-02-18 10:08:23</creation_date><creator>super:BVLA</creator><modification_date>2013-05-24 15:01:23</modification_date><modified_by>viewer:internal</modified_by><admin_unit>DUR01</admin_unit></control><mds><md shared="true"><mid>308758</mid><description xsi:nil="true" xmlns:xsi="http://www.w3.org/2001/XMLSchema-instance"/><name>accessrights</name><type>rights_md</type><value><![CDATA[<?xml version="1.0" encoding="UTF-8"?>
<ar:access_right_md xmlns:ar="http://com/exlibris/digitool/repository/api/xmlbeans" enabled="true">
  <ar_copyrights required="false">
    <text_file></text_file>
  </ar_copyrights>
  <ar_conditions>
    <ar_condition negate="false">
      <ar_expressions>
        <ar_expression negate="false" ar_operation="within">
          <key>ip_range</key>
          <val1>78.128.206.233</val1>
          <val2>78.128.206.233</val2>
        </ar_expression>
      </ar_expressions>
    </ar_condition>
  </ar_conditions>
</ar:access_right_md>]]></value></md><md shared="false"><mid>171091</mid><description> </description><name>descriptive</name><type>marc</type><value><![CDATA[<record xmlns="http://www.loc.gov/MARC21/slim" xmlns:xsi="http://www.w3.org/2001/XMLSchema-instance" xsi:schemaLocation="http://www.loc.gov/MARC21/slim http://www.loc.gov/standards/marcxml/schema/MARC21slim.xsd"><leader>02280ctm a22002897a 4500</leader><controlfield tag="FMT">BK</controlfield><controlfield tag="001">000753083</controlfield><controlfield tag="003">CZ PrCU</controlfield><controlfield tag="005">20100218102547.0</controlfield><controlfield tag="008">050315s2004    xr |||||r|||||||||||cze|d</controlfield><datafield tag="040" ind1=" " ind2=" "><subfield code="a">ABD001</subfield><subfield code="b">cze</subfield><subfield code="c">ABD001</subfield><subfield code="d">ABD001</subfield></datafield><datafield tag="100" ind1="1" ind2=" "><subfield code="a">Kopecký, Martin</subfield><subfield code="4">dis</subfield></datafield><datafield tag="245" ind1="1" ind2="0"><subfield code="a">Sociální hnutí jako místo vzdělávání dospělých</subfield><subfield code="h">[rukopis] /</subfield><subfield code="c">Martin Kopecký ; škol. disert. práce Milan Beneš</subfield></datafield><datafield tag="260" ind1=" " ind2=" "><subfield code="a">Praha,</subfield><subfield code="c">2004</subfield></datafield><datafield tag="300" ind1=" " ind2=" "><subfield code="a">147 s.</subfield></datafield><datafield tag="502" ind1=" " ind2=" "><subfield code="a">Disertační práce (PhD.)--Univerzita Karlova. Filozofická fakulta. Katedra andragogiky a personálního řízení, 2004</subfield></datafield><datafield tag="504" ind1=" " ind2=" "><subfield code="a">Obsahuje bibliografii na s. 137-147</subfield></datafield><datafield tag="520" ind1=" " ind2=" "><subfield code="a">Na otázku, proč dnes psát o vztahu vzdělávání dospělých a sociálních hnutí, existuje více odpovědí. Jako schůdný způsob argumentace se jeví odkaz na bohatou tradici vzdělávání dospělých zaměřeného na emancipaci. Vzdělávání dospělých se jako masový fenomén objevilo v situaci vzájemné provázanosti hnutí sociálního a vzdělávacího. Vazba mezi sociálním hnutím a vzděláváním dospělých byla typická pro Evropu, Severní Ameriku i tzv. třetí svět. Projevila se i v prvních propracovaných koncepcích celoživotního vzdělávání, které pocházely z produkce UNESCA. Ovšem možnost spolehnout se na nikoliv nepodstatné historické odkazy má svou hranici, jež je určena právě minulostí. Historické, či spíše historizující hledisko chci použít především k důkladnějšímu pochopení současných trendů. Vycházím přitom z rozdílů mezi klasickou fází modernizace (přelom devatenáctého a dvacátého století) a přítomností. Porovnávám rovněž trendy v západních společnostech s českou situací. Mým cílem bude dokázat, že přes veškerou nejednoznačnost má občanské vzdělávání své důležité místo i v dnešní teorii a praxi vzdělávání dospělých a že stále existuje silná vazba mezi sociálním hnutím a vzděláváním (učením). Chci popsat proměnu podob a možností občanského vzdělávání spojeného s politickou angažovaností.</subfield><subfield code="9">cze</subfield></datafield><datafield tag="540" ind1=" " ind2=" "><subfield code="a">Elektronická verze disertační práce je přístupná pouze po dohodě s autorem. Kontaktujte, prosím, Knihovnu psychologických a sociokulturních věd</subfield></datafield><datafield tag="650" ind1="0" ind2="7"><subfield code="a">hnutí sociální</subfield><subfield code="2">phffuk</subfield></datafield><datafield tag="650" ind1="0" ind2="7"><subfield code="a">Vzdělávání dospělých</subfield><subfield code="2">phffuk</subfield></datafield><datafield tag="651" ind1=" " ind2="7"><subfield code="a">Česko</subfield><subfield code="2">phffuk</subfield></datafield><datafield tag="655" ind1=" " ind2="4"><subfield code="a">dizertace</subfield></datafield><datafield tag="700" ind1="1" ind2=" "><subfield code="a">Beneš, Milan,</subfield><subfield code="d">1950-</subfield><subfield code="7">xx0004727</subfield><subfield code="4">ths</subfield></datafield><datafield tag="710" ind1="2" ind2=" "><subfield code="a">Univerzita Karlova.</subfield><subfield code="b">Katedra andragogiky a personálního řízení</subfield><subfield code="7">kn20030514003</subfield></datafield><datafield tag="980" ind1=" " ind2=" "><subfield code="a">application.pdf</subfield></datafield><datafield tag="981" ind1=" " ind2=" "><subfield code="a">dz</subfield></datafield><datafield tag="910" ind1=" " ind2=" "><subfield code="a">ABD001</subfield></datafield><controlfield tag="998">000753083</controlfield><datafield tag="SID" ind1=" " ind2=" "><subfield code="a">Z39</subfield><subfield code="b">CKS01</subfield></datafield></record>]]></value></md><md shared="false"><mid>171092</mid><description xsi:nil="true" xmlns:xsi="http://www.w3.org/2001/XMLSchema-instance"/><name>preservation</name><type>preservation_md</type><value><![CDATA[<object xmlns="http://www.loc.gov/standards/premis">
  <objectIdentifier>
    <objectIdentifierType>handle</objectIdentifierType>
    <objectIdentifierValue>123.45/112</objectIdentifierValue>
  </objectIdentifier>
</object>]]></value></md><md shared="false"><mid>171093</mid><description xsi:nil="true" xmlns:xsi="http://www.w3.org/2001/XMLSchema-instance"/><name>changehistory</name><type>changehistory_md</type><value><![CDATA[<xb:history xmlns:xb="http://com/exlibris/digitool/repository/api/xmlbeans"><events><event xmlID="1"><eventIdentifier><eventIdentifierType>Service</eventIdentifierType><eventIdentifierValue>Premis</eventIdentifierValue></eventIdentifier><eventType xsi:nil="true" xmlns:xsi="http://www.w3.org/2001/XMLSchema-instance"/><eventDateTime>2010-02-18T10:34:22.650+01:00</eventDateTime><eventDetail xsi:nil="true" xmlns:xsi="http://www.w3.org/2001/XMLSchema-instance"/><linkingAgentIdentifier><linkingAgentIdentifierType>software_used</linkingAgentIdentifierType><linkingAgentIdentifierValue xsi:nil="true" xmlns:xsi="http://www.w3.org/2001/XMLSchema-instance"/></linkingAgentIdentifier></event></events></xb:history>]]></value></md></mds><relations><relation><type>include</type><pid>96736</pid></relation><relation><type>include</type><pid>96739</pid></relation><relation><type>manifestation</type><pid>528776</pid></relation></relations><stream_ref><file_name xsi:nil="true" xmlns:xsi="http://www.w3.org/2001/XMLSchema-instance"/><file_extension xsi:nil="true" xmlns:xsi="http://www.w3.org/2001/XMLSchema-instance"/><mime_type xsi:nil="true" xmlns:xsi="http://www.w3.org/2001/XMLSchema-instance"/><directory_path xsi:nil="true" xmlns:xsi="http://www.w3.org/2001/XMLSchema-instance"/><file_id xsi:nil="true" xmlns:xsi="http://www.w3.org/2001/XMLSchema-instance"/><storage_id>-1</storage_id><external_type>0</external_type><file_size_bytes>0</file_size_bytes></stream_ref></xb:digital_entity></xb:digital_entity_call>